@misc{IPS,
title = {Официальный сайт ИПС А.К. Айламазяна РАН},
url = {http://www.psi-ras.ru/},
annote = {дата обращения: 20.07.2023}
}

@Book{LaTeX2e,
author = {Львовский, С. М.},
title = {Набор и верстка в системе LaTeX},
publisher =  {Московский центр непрерывного математического образования},
address = {Москва},
year = {2003},
numpages = {448}
}

@Book{ComputerArithm,
author = {Гашков, С. Б.},
title = {Занимательная компьютерная арифметика:
Математика и искусство счета на компьютерах и без них},
publisher =  {Едиториал УРСС},
address = {Москва},
year = {2017},
numpages = {224}
}

@Book{CountSystems,
author = {Гашков, С. Б.},
title = {Системы счисления и их применение},
publisher =  {Московский центр непрерывного математического образования},
address = {Москва},
year = {2012},
numpages = {68}
}

@article{ZlatoPol,
 author = {Златопольский, Д. М.},
 journal = {Информатика в школе},
 year = {2020},
 pages = {28--30},
 title = {Нестандартные методы перевода чисел
из одной системы счисления в другую},
 number = {1},
 doi = {10.32517/2221-1993-2020-19-9-28-30},
 language = {russian}
}

@misc{Refal5,
title = {REFAL-5 programming guide \& reference manual [Электронный ресурс]},
url = {http://refal.botik.ru/book/html/},
annote = {дата обращения: 22.07.2021}
}


